@InCollection{Cios2007,
  Title                    = {The {Knowledge} {Discovery} {Process}},
  Author                   = {Cios, KrzysztofJ. and Swiniarski, RomanW. and Pedrycz, Witold and Kurgan, LukaszA.},
  Booktitle                = {Data {Mining}},
  Publisher                = {Springer US},
  Year                     = {2007},
  Month                    = jan,
  Pages                    = {9--24},
  File                     = {:Cios2007 - The Knowledge Discovery Process.pdf:PDF},
  ISBN                     = {978-0-387-33333-5},
  Language                 = {English},
},

@Book{Hastie2009,
  Title                    = {The {Elements} of {Statistical} {Learning}: {Data} {Mining}, {Inference}, and {Prediction}, {Second} {Edition} ({Springer} {Series} in {Statistics})},
  Author                   = {Hastie, Trevor and Tibshirani, Robert and Friedman, Jerome},
  Publisher                = {Greenwood Publishing Group},
  Year                     = {2009},
  File                     = {:Hastie2009 - The Elements of Statistical Learning_ Data Mining, Inference, and Prediction, Second Edition (Springer Series in Statistics).pdf:PDF},
  URL                      = {http://web.stanford.edu/~hastie/ElemStatLearn/}
}
