@InProceedings{Agrawal1994,
  Title                    = {Fast Algorithms for Mining Association Rules in Large Databases},
  Author                   = {Rakesh Agrawal and Ramakrishnan Srikant},
  Booktitle                = {VLDB94, Proceedings of 20th International Conference on Very Large Data Bases, September 12-15, 1994, Santiago de Chile, Chile},
  Year                     = {1994},
  Pages                    = {487--499},
  Bibsource                = {dblp computer science bibliography, http://dblp.org},
  Biburl                   = {http://dblp.uni-trier.de/rec/bib/conf/vldb/AgrawalS94},
  Timestamp                = {Mon, 17 Sep 2012 21:40:00 +0200},
  URL                      = {http://www.vldb.org/conf/1994/P487.PDF}
},

@Inbook{Chambers1990,
author={Chambers, J. and Hastie, T. and Pregibon, D.},
editor={Momirovi{\'{c}}, Konstantin and Mildner, Vesna},
title={Statistical Models in S},
bookTitle={Compstat: Proceedings in Computational  Statistics, 9th Symposium held at Dubrovnik, Yugoslavia, 1990},
year={1990},
publisher={Physica-Verlag HD},
address={Heidelberg},
pages={317--321},
isbn={978-3-642-50096-1},
doi={10.1007/978-3-642-50096-1_48}
},

@InCollection{Cios2007,
  Title = {The {Knowledge} {Discovery} {Process}},
  Author = {Cios, KrzysztofJ. and Swiniarski, RomanW. and Pedrycz, Witold and Kurgan, LukaszA.},
  Booktitle = {Data {Mining}},
  Publisher = {Springer US},
  Year  = {2007},
  Month = jan,
  Pages = {9--24},
  File  = {:Cios2007 - The Knowledge Discovery Process.pdf:PDF},
  ISBN  = {978-0-387-33333-5},
  Language  = {English},
},

@Book{Fisher1934,
  Title = {Statistical Methods for Research Workers},
  Author = {Ronald A. Fisher},
  Publisher = {Oliver and Boyd},
  Year = {1934},
  Address = {London: 33 Paternoster Row, E. C.},
  Edition = {5},
  File = {:Fisher1934 - Statistical Methods for Research Workers.pdf:PDF}
},

@article{Fisher1995,
 ISSN = {00359246},
 URL = {http://www.jstor.org/stable/2983785},
 author = {Ronald Fisher},
 journal = {Journal of the Royal Statistical Society. Series B (Methodological)},
 number = {1},
 pages = {69-78},
 publisher = {[Royal Statistical Society, Wiley]},
 title = {Statistical Methods and Scientific Induction},
 volume = {17},
 year = {1955}
},

@Book{Hastie2009,
  Title = {The {Elements} of {Statistical} {Learning}: {Data} {Mining}, {Inference}, and {Prediction}, {Second} {Edition} ({Springer} {Series} in {Statistics})},
  Author = {Hastie, Trevor and Tibshirani, Robert and Friedman, Jerome},
  Publisher = {Greenwood Publishing Group},
  Year  = {2009},
  File  = {:Hastie2009 - The Elements of Statistical Learning_ Data Mining, Inference, and Prediction, Second Edition (Springer Series in Statistics).pdf:PDF},
  URL   = {http://web.stanford.edu/~hastie/ElemStatLearn/}
},

@Book{James2013,
  Title = {An introduction to statistical learning},
  Author = {James, Gareth and Witten, Daniela and Hastie, Trevor and Tibshirani, Robert},
  Publisher = {Springer},
  Year = {2013},
  Volume = {112},
  File = {:James2013 - An introduction to statistical learning.pdf:PDF},
  URL = {http://www-bcf.usc.edu/~gareth/ISL/}
},

@Article{Tukey1962,
  Title = {The Future of Data Analysis},
  Author = {John W. Tukey},
  Journal = {Ann. Math. Statist.},
  Year = {1962},
  Month = {mar},
  Number = {1},
  Pages = {1--67},
  Volume = {33},
  DOI = {10.1214/aoms/1177704711},
  File = {:Tukey1962 - The Future of Data Analysis.pdf:PDF},
  Publisher = {Institute of Mathematical Statistics}
},

@Book{Vieira2006,
  Title = {An\'alise de Vari\^ancia (Anova)},
  Author = {Vieira, Sonia},
  Publisher = {Editora Atlas S.A.},
  Year  = {2006},
  ISBN  = {85-224-4303-3}
},

@Book{Zaki2014,
  Title = {Data Mining and Analysis: Fundamental Concepts and Algorithms},
  Author = {Mohammed J. Zaki and Wagner Meira, Jr.},
  Publisher = {Cambridge University Press},
  Year  = {2014},
  Month = {May},
  ISBN  = {9780521766333}
},

@Book{moore2009practice,
  title={The Practice of Business Statistics: Using Data for Decisions},
  author={Moore, D.S.},
  isbn={9780716788256},
  lccn={2007938574},
  url={https://books.google.com.br/books?id=7NWpkQEACAAJ},
  year={2009},
  publisher={W.H. Freeman and Company}
},

@Article{lemos_lan_2010,
  title = {{LAN} Houses: A new wave of digital inclusion in Brazil},
  volume = {6},
  url = {http://itidjournal.org/itid/article/view/619},
  shorttitle = {{LAN} Houses},
  pages = {pp--31},
  issue = {{SE}},
  journaltitle = {Information Technologies \& International Development},
  author = {Lemos, Ronaldo and Martini, Paula},
  urldate = {2017-03-03},
  date = {2010},
  file = {259.pdf:/home/mourao/.zotero/zotero/b6ddg379.default/zotero/storage/VBXFWA7S/259.pdf:application/pdf}
},

@Book{ott2008introduction,
  title={An Introduction to Statistical Methods and Data Analysis},
  author={Ott, R.L. and Longnecker, M.T.},
  isbn={9781111779986},
  url={https://books.google.com.br/books?id=BREEAAAAQBAJ},
  year={2008},
  publisher={Cengage Learning}
},

@Article{herr_history_1986,
  title = {On the History of {ANOVA} in Unbalanced, Factorial Designs: The First 30 Years},
  volume = {40},
  issn = {00031305},
  url = {http://www.jstor.org/stable/2684597?origin=crossref},
  doi = {10.2307/2684597},
  shorttitle = {On the History of {ANOVA} in Unbalanced, Factorial Designs},
  pages = {265},
  number = {4},
  journaltitle = {The American Statistician},
  author = {Herr, David G.},
  urldate = {2017-03-04},
  date = {1986-11},
  file = {2684597.pdf:/home/mourao/.mozilla/firefox/i0uvntto.default/zotero/storage/J925AWHH/2684597.pdf:application/pdf}
},

@Book{schuessler1971analyzing,
  title={Analyzing social data: a statistical orientation},
  author={Schuessler, K.F.},
  isbn={9780395053843},
  lccn={lc70130657},
  url={https://books.google.com.br/books?id=yLGCAAAAIAAJ},
  year={1971},
  publisher={Houghton Mifflin}
},

@article{papastergiou_are_2008,
title = {{Are Computer Science and Information Technology still masculine fields? High school students’ perceptions and career choices}},
journal = {Computers \& Education },
volume = {51},
number = {2},
pages = {594 - 608},
year = {2008},
note = {},
issn = {0360-1315},
doi = {http://dx.doi.org/10.1016/j.compedu.2007.06.009},
//url = {http://www.sciencedirect.com/science/article/pii/S0360131507000759},
author = {Marina Papastergiou}
},

@article{anderson_because_2008,
title = {{`Because it’s boring, irrelevant and I don’t like computers': Why high school girls avoid professionally-oriented {ICT} subjects}},
journal = {Computers \& Education},
volume = {50},
number = {4},
pages = {1304 - 1318},
year = {2008},
issn = {0360-1315},
doi = {10.1016/j.compedu.2006.12.003},
//url = {http://www.sciencedirect.com/science/article/pii/S0360131506001953},
author = {Neil Anderson and Colin Lankshear and Carolyn Timms and Lyn Courtney}
},

@article{taniar_exception_2008,
title ={Exception rules in association rule mining },
journal ={Applied Mathematics and Computation },
volume ={205},
number ={2},
pages ={735 - 750},
year ={2008},
note ={Special Issue on Advanced Intelligent Computing Theory and Methodology in Applied Mathematics and Computation },
issn ={0096-3003},
doi ={10.1016/j.amc.2008.05.020},
//url ={http://www.sciencedirect.com/science/article/pii/S0096300308003524},
author ={David Taniar and Wenny Rahayu and Vincent Lee and Olena Daly}
},


@article{chalaris_extraction_2013,
  title = {Extraction of Rules based on Students' Questionnaires},
  volume = {73},
  issn = {18770428},
  url = {http://linkinghub.elsevier.com/retrieve/pii/S1877042813003777},
  doi = {10.1016/j.sbspro.2013.02.084},
  pages = {510--517},
  journaltitle = {Procedia - Social and Behavioral Sciences},
  author = {Chalaris, Manolis and Chalaris, Ioannis and Skourlas, Christos and Tsolakidis, Anastasios},
  urldate = {2017-03-11},
  date = {2013-02},
  langid = {english},
  file = {1-s2.0-S1877042813003777-main.pdf:/home/mourao/.mozilla/firefox/i0uvntto.default/zotero/storage/EB9MDI3K/1-s2.0-S1877042813003777-main.pdf:application/pdf}
},

@book{tan2006introduction,
  title={Introduction to Data Mining},
  author={Tan, P.N. and Steinbach, M. and Kumar, V.},
  isbn={9780321321367},
  lccn={2005008721},
  series={Always learning},
  url={https://books.google.com.ar/books?id=KZQ0jgEACAAJ},
  year={2006},
  publisher={Pearson Addison Wesley}
},

% Maristela

@article{maia_2016,
  author = {Marcel Maggion Maia},
  title = {Limites de gênero e presença feminina nos cursos superiores brasileiros do campo da computação},
  journal = {Cadernos Pagu},
  volume = {0},
  number = {46},
  year = {2016},
  keywords = {Relações de gênero. Computação. Ensino superior. Relações de trabalho},
  abstract = {O artigo },
  issn = {1809-4449},
  pages = {223--244}
},

@misc{couto_2014,
  title = {{Utilizando Mineração de Dados para Análise de gênero nos cursos de Computação na UnB}},
  author = {Gustavo Carlos Couto and Marília Alves da Nóbrega Alberto Dantas},
  year = {2014},
  institution={Universidade de Brasília},
  url={http://bdm.unb.br/handle/10483/8176}
},

@article{cohoon_2002,
  author = {Cohoon, J. McGrath},
  title = {{Recruiting and Retaining Women in Undergraduate Computing Majors}},
 journal = {SIGCSE Bull.},
 issue_date = {June 2002},
 volume = {34},
 number = {2},
 month = {jun},
 year = {2002},
 issn = {0097-8418},
 pages = {48--52},
 numpages = {5},
 doi = {10.1145/543812.543829},
 acmid = {543829},
 publisher = {ACM},
 address = {New York, NY, USA},
},

@article{gurer_2002,
 author = {G\"{u}rer, Denise and Camp, Tracy},
 title = {An ACM-W Literature Review on Women in Computing},
 journal = {SIGCSE Bull.},
 issue_date = {June 2002},
 volume = {34},
 number = {2},
 month = jun,
 year = {2002},
 issn = {0097-8418},
 pages = {121--127},
 numpages = {7},
 //url = {http://doi.acm.org/10.1145/543812.543844},
 doi = {10.1145/543812.543844},
 acmid = {543844},
 publisher = {ACM},
 address = {New York, NY, USA},
},

@misc{cnpq_2017,
  institution = {CNPq},
  author={CNPq},
  title={{Chamada Nº 18/2013 MCTI/CNPq/SPM-PR/Petrobras - Meninas e Jovens Fazendo Ciências Exatas, Engenharias e Computação}},
  url={http://goo.gl/d8239T}
},

@article{jane_2016,
author={Stout, Jane G. and Grunberg, Victoria A. and Ito, Tiffany A.},
title={Gender Roles and Stereotypes about Science Careers Help Explain Women and Men's Science Pursuits},
journal={Sex Roles},
year={2016},
volume={75},
number={9},
pages={490--499},
issn={1573-2762},
doi={10.1007/s11199-016-0647-5},
//url={http://dx.doi.org/10.1007/s11199-016-0647-5}
},

@article{sappa_2013,
author={Cheryan, Sapna and Plaut, Victoria C. and Handron, Caitlin and Hudson, Lauren},
title={The Stereotypical Computer Scientist: Gendered Media Representations as a Barrier to Inclusion for Women},
journal={Sex Roles},
year={2013},
volume={69},
number={1},
pages={58--71},
issn={1573-2762},
doi={10.1007/s11199-013-0296-x},
//url={http://dx.doi.org/10.1007/s11199-013-0296-x}
},

@article{zoran_2017,
title ={Gender related correlations of computer science students },
journal ={Computers in Human Behavior },
volume ={69},
pages ={91 - 97},
year ={2017},
issn ={0747-5632},
doi ={10.1016/j.chb.2016.12.009},
//url ={http://www.sciencedirect.com/science/article/pii/S0747563216308287},
author ={Zoran Putnik and Ivana Štajner-Papuga and Mirjana Ivanović and Zoran Budimac and Katerina Zdravkova}
},

@techreport{keinan_2017,
  title = {{A New Frontier: But for Whom? An Analysis of the Micro-Computer and Women?s Declining Participation in Computer Science}},
  number = {1466},
  institution={Claremont McKenna College},
  url={http://scholarship.claremont.edu/cmc\_theses/1466},
  author = {Eliana Keinan},
  year = {2017}
},

@article{moshe_2015,
 author = {Vardi, Moshe Y.},
 title = {What Can Be Done About Gender Diversity in Computing?: A Lot!},
 journal = {Commun. ACM},
 issue_date = {October 2015},
 volume = {58},
 number = {10},
 month = sep,
 year = {2015},
 issn = {0001-0782},
 pages = {5--5},
 numpages = {1},
 //url = {http://doi.acm.org/10.1145/2816937},
 doi = {10.1145/2816937},
 acmid = {2816937},
 publisher = {ACM},
 address = {New York, NY, USA},
},

@article{vivian_2007,
author = {Vivian Anette Lagesen},
title = {The Strength of Numbers: Strategies to Include Women into Computer Science},
journal = {Social Studies of Science},
volume = {37},
number = {1},
pages = {67-92},
year = {2007},
doi = {10.1177/0306312706063788},
//URL = {http://dx.doi.org/10.1177/0306312706063788},
//eprint = {http://dx.doi.org/10.1177/0306312706063788}
},

@Book{Abbate_2012,
  Title = {Recoding Gender: Women's Changing Participation in Computing},
  Author = {Janet Abbate},
  Publisher = {The MIT Press},
  Year = {2012},
  Address = {One Rogers Street Cambridge MA 02142-1209},
  Edition = {1},
 File = {:Fisher1934 - Statistical Methods for Research Workers.pdf:PDF}
},


@phdthesis{saboya_2009,
title={{Alunas de Engenharia Elétrica e Ciência da Computação : estudar, inventar, resistir}},
author={Saboya, Maria Clara Lopes},
year={2009},
school={Universidade de São Paulo},
doi={10.11606/T.48.2009.tde-15092009-153720}
},

@article {Mercier_2006,
author = {Mercier, E. M. and Barron, B. and O'Connor, K. M.},
title = {Images of self and others as computer users: the role of gender and experience},
journal = {Journal of Computer Assisted Learning},
volume = {22},
number = {5},
publisher = {Blackwell Publishing Ltd},
issn = {1365-2729},
doi = {10.1111/j.1365-2729.2006.00182.x},
pages = {335--348},
keywords = {digital divide, ecological perspectives, gender, identity, stereotypes, technology},
year = {2006}
},

